@misc{website:minecraft,
    author="{Mojang AB}",
    title="Minecraft",
    month="November",
    year="2013",
    url="http://www.minecraft.net"
}

@article{brand13,
    author="Jeffery Brand and Shelley Kinash",
    title="Crafting minds in Minecraft",
    journal="Learning and Teaching papers",
    publisher="ePublications@bond",
    volume="53",
    year="2013"
}
